%% This BibTeX bibliography file was created using BibDesk.
%% http://bibdesk.sourceforge.net/


%% Created for Jana de Wiljes at 2013-09-11 11:08:32 +0200 


%% Saved with string encoding Unicode (UTF-8) 


@article{Bagai13,
	Author = {A. Bagai and B. McNally and others},
	Journal = {AHA Circulation},
	Pages = {004164},
	Title = {Temporal Differences in {O}ut-{O}f-{H}ospital {C}ardiac {A}rrest Incidence and Survival},
	Volume = {113},
	Year = {2013},
	}

@article{Nakanishi11,
	Author = {N. Nakanishi and S. Nishizawa and Y. Kitamura and Y. Nakamura and T. Matsumoto and T. Sawada H. Matsubara},
	Journal = {Am. J. Emerg. Med.},
	Pages = {1037-43},
	Title = {Circadian, weekly, and seasonal mortality variations in out-of-hospital cardiac arrest in Japan: analysis from AMI-Kyoto Multicenter Risk Study database.},
	Volume = {29(9)},
	Year = {2011},
	}

@article{Kvaloy07,
	Author = {J. Kvaloy and E. Skogvoll},
	Journal = {Stat. Med.},
	Pages = {3315-29},
	Title = {Modelling seasonal and weather dependency of cardiac arrests using the covariate order method.},
	Volume = {26(17)},
	Year = {2007},
	}

@article{keating97,
	Author = {W. Keating and others},
	Journal = {Lancet},
	Pages = {1341-1346},
	Title = {Cold exposure and winter mortality from ischaemic heart disease, cerebrovascular disease respiratory disease, and all causes in warm and cold regions of Europe},
	Volume = {349},
	Year = {1997},
	}
@article{costello09,
	Author = {A. Costello and others},
	Journal = {Lancet},
	Pages = {1693-1733},
	Title = {Managing the Health effects of Climate Change},
	Volume = {373},
	Year = {2009},
	}

@article{kunreuther13,
	Author = {H. Kunreuther and others},
	Journal = {Nature Clim. Change},
	Pages = {447-450},
	Title = {Risk management and climate change},
	Volume = {3},
	Year = {2013},
	}

@article{staddon14,
	Author = {P. Staddon and H. Montgomery and M. Depledge},
	Journal = {Nature Clim. Change},
	Pages = {190-194},
	Title = {Climate warming will not dicrease winter mortality},
	Volume = {4},
	Year = {2014},
	}

@article{jacobs04,
	Author = {I. Jacobs and V. Nadkarni and others},
	Journal = {AHA Circulation},
	Pages = {3385-3397},
	Title = {Cardiac Arrest and Cardiopulmonary Resuscitation Outcome Reports
Update and Simplification of the {U}tstein Templates for Resuscitation Registries},
	Volume = {110},
	Year = {2004},
	}

@article{auricchio01,
	Author = {M. Brignole and A. Auricchio and others},
	Journal = {Eur. Heart J.},
	Pages = {2281-2329},
	Title = {E{S}{C} Guidelines on cardiac pacing and cardiac resynchronization therapy: The Task Force on cardiac pacing and resynchronization therapy of the European Society of Cardiology ({E}{S}{C}). Developed in collaboration with the European Heart Rhythm Association.},
	Volume = {34(29)},
	Year = {2013},
	}

@article{auricchio02,
	Author = {F. Arribas and A. Auricchio and others},
	Journal = {Europace},
	Pages = {iii1-55},
	Title = {The {E}{H}{R}{A} white book.},
	Volume = {14(3)},
	Year = {2012},
	}

@article{auricchio03,
	Author = {C. Hamm and J. Bassand and others},
	Journal = {Europace},
	Pages = {2999-3054},
	Title = {E{S}{C} Guidelines for the management of acute coronary syndromes in patients presenting without persistent ST-segment elevation: The Task Force for the management of acute coronary syndromes ({A}{C}{S}) in patients presenting without persistent {S}{T}-segment elevation of the European Society of Cardiology ({E}{S}{C}).},
	Volume = {32},
	Year = {2011},
	}

@article{auricchio04,
	Author = {B. Merkely and J. Kautzner and others},
	Journal = {Europace},
	Pages = {1209-1210},
	Title = {E{H}{R}{A} Summit 2010. Summary statement: {E}{H}{R}{A} summit 2010 with the participation of Central-Eastern European countries: '{I}{C}{D} for Life' Initiative--fighting against sudden cardiac death in emerging economies.},
	Volume = {13},
	Year = {2011},
	}

@article{auricchio05,
	Author = {A. Auricchio and A. Meijer and others},
	Journal = {Europace},
	Pages = {135-143},
	Title = {Safety, efficacy, and performance of new discrimination algorithms to reduce inappropriate and unnecessary shocks: the Pain{F}ree {S}{S}{T} clinical study design.},
	Volume = {13},
	Year = {2011},
	}

@article{auricchio05,
	Author = {A. Auricchio and H. Klein},
	Journal = {Electrophysiology Review},
	Pages = {35-40},
	Title = {Expansion of ICD Indications: Resynchronization therapy and the ICD.},
	Volume = {5},
	Year = {2001},
	}

@article{auricchio06,
	Author = {H. Klein and A. Auricchio and others},
	Journal = {Electrophysiology Review},
	Pages = {91D-97D},
	Title = {New primary prevention trials of sudden cardiac death in patients with left ventricular dysfunction; {S}{C}{D}-{H}eft and {M}{A}{D}{I}{T}-{I}{I}.},
	Volume = {83},
	Year = {1999},
	}

@article{go14,
	Author = {A. Go and D. Mozaffarian and others},
	Journal = {AHA Circulation},
	Pages = {e28-e292},
	Title = {Heart Disease and Stroke Statistics -2014 Update},
	Volume = {129},
	Year = {2014},
	}

@article{nichol08a,
	Author = {G. Nichol and J. Rumsfeld and others},
	Journal = {AHA Circulation},
	Pages = {2299-2308},
	Title = {Essential features of designating out-of-hospital cardiac arrest as a reportable event. },
	Volume = {117},
	Year = {2008},
	}

@article{rea10,
	Author = {T. Rea and others},
	Journal = {N. Engl. J. Med.},
	Pages = {423-433},
	Title = {CPR with chest compression alone or with rescue breathing.},
	Volume = {363},
	Year = {2010},
	}

@article{bobrow10,
	Author = {B. Bobrow and others},
	Journal = { JAMA},
	Pages = {1447-1454},
	Title = {Chest compression-only CPR by lay rescuers and survival from out-of-hospital cardiac arrest. },
	Volume = {304},
	Year = {2010},
	}

@article{cummins91a,
	Author = {R.  Cummins and J. Ornato and others},
	Journal = {AHA Circulation},
	Pages = {1832–47},
	Title = {Improving survival from sudden cardiac arrest: the “chain of survival” concept. },
	Volume = {83},
	Year = {1991},
	}

@article{travers10,
	Author = {A. Travers and T. Rea and B. Bobrow and others},
	Journal = {AHA Circulation},
	Pages = {S676-S684},
	Title = {Part 4: CPR overview. 2010 American Heart Association guidelines for cardiopulmonary resuscitation and emergency cardiovascular care. },
	Volume = {122},
	Year = {2010},
	}

@article{chan13,
	Author = {T. Chan and H. Li and G. Lebovic and others},
	Journal = {AHA Circulation},
	Pages = {1801–1809},
	Title = {Identifying Locations for Public Access Defibrillators Using
Mathematical Optimization. },
	Volume = {127},
	number = {17},
	Year = {2013},
	}
	
@article{church74,
	Author = {R. Church and C. Revelle},
	Journal = {Papers of the Regional Science Association},
	Pages = {101–120},
	Title = {The maximal covering location problem. },
	Volume = {32},
	Year = {1974},
	}

@article{hansen13,
	Author = {C. Hansen and M. Wissenberg and P. Weeke and others},
	Journal = {AHA Circulation},
	Pages = {2224–2231},
	Title = {Automated External Defibrillators Inaccessible to More Than Half of Nearby Cardiac Arrests in Public Locations During Evening, Nighttime, and Weekends. },
	Volume = {128},
	number = {20},
	Year = {2013},
	}

@article{aufderheide06,
	Author = {T. Aufderheide and M. Nazinski and others},
	Journal = {AHA Circulation},
	Pages = {1260–1270},
	Title = {Community lay rescuer automated external
defibrillation programs: key state legislative components and implementation
strategies: a summary of a decade of experience for healthcare providers,
policymakers, legislators, employers, and community leaders from the
American Heart Association Emergency Cardiovascular Care Committee,
Council on Clinical Cardiology, and Office of State Advocacy. },
	Volume = {113},
	Year = {2006},
	}

@article{nichol08b,
	Author = {G. Nichol and E. Thomas and others},
	Journal = {JAMA},
	Pages = {1423–31},
	Title = {Regional variation in out-of-hospital cardiac arrest incidence and outcome.},
	Volume = {300},
	Year = {2008},
	}

@article{sasson10,
	Author = {C. Sasson and M. Rogers and J. Dahl and A. Kellermann},
	Journal = {Circ. Cardiovasc. Qual. Outcomes },
	Pages = {63–81},
	Title = {Predictors of survival from out-of-hospital cardiac arrest: a systematic review and meta-analysis. },
	Volume = {3},
	Year = {2010},
	}

@article{rea04,
	Author = {T Rea and M. Eisenberg and G. Sinbaldi and R. White},
	Journal = {Resuscitation},
	Pages = {17-24},
	Title = {Incidence of EMS-treated out-of-hospital cardiac arrest in the United States.},
	Volume = {63},
	Year = {2004},
	}

@article{cummins91b,
	Author = {R. Cummins and D. Chamberlain and N. Abramson and others},
	Journal = {AHA Circulation},
	Pages = {960-975},
	Title = {Recommended guidelines for uniform reporting of data from out-of-hospital cardiac arrest: the Utstein Style},
	Volume = {84},
	Year = {1991},
	}

@article{valenzuela97,
	Author = {T. Valenzuela and D. Roe and others},
	Journal = {AHA Circulation},
	Pages = {3308-3313},
	Title = {Estimating Effectiveness of Cardiac Arrest Interventions:
A Logistic Regression Survival Model},
	Volume = {96},
	Year = {1997},
	}

@book{Collett2003,
	Author = {D. Collett},
	Publisher = {Boca Raton: Chapman and Hall/CRC},
	Title = {Modelling Survival Data in Medical Research },
	Year = {2003},
	}
	
@book{Rausand2004,
	Author = {M. Rausand and A. Hoyland},
	Publisher = {Hoboken: John Wiley and Sons},
	Title = { System Reliability Theory: Models, Statistical Methods, and Applications},
	Year = {2004},
	}

@article{Chipman1960,
	Author = {J. Chipman},
	Date-Added = {2013-09-11 09:07:24 +0000},
	Date-Modified = {2013-09-11 09:08:32 +0000},
	Journal = {Econometrica},
	Pages = {193-224},
	Title = {The foundations of utility},
	Volume = {28},
	Year = {1960}}

@book{Train2009,
	Author = {Kenneth E. Train},
	Date-Added = {2013-09-10 19:21:40 +0000},
	Date-Modified = {2013-09-11 09:07:19 +0000},
	Edition = {2nd},
	Keywords = {logit},
	Publisher = {Cambridge University Press, Cambridge},
	Title = {Discrete Choice Methods with Simulation},
	Year = {2009}}

@article{deWiljesMajdaHorenko2013,
	Author = {Jana de Wiljes and Andrew Majda and Illia Horenko},
	Date-Added = {2013-05-24 10:47:28 +0000},
	Date-Modified = {2013-06-05 12:14:17 +0000},
	Journal = {SIAM Multiscale Model. Simul.},
	Number = {2},
	Pages = {415-441},
	Title = {An Adaptive {M}arkov Chain {M}onte {C}arlo Approach to Time Series Clustering of Processes with Regime Transition Behavior},
	Volume = {11},
	Year = {2013}}

@book{RobertCasella2004,
	Author = {C. P. Robert and G. Casella},
	Date-Added = {2013-05-13 10:50:32 +0000},
	Date-Modified = {2013-05-13 10:50:32 +0000},
	Edition = {2nd},
	Publisher = {Springer, New York},
	Title = {Monte Carlo Statistical Methods},
	Year = {2004}}

@article{Neumann1951,
	Author = {John von Neumann},
	Date-Added = {2013-05-13 10:46:20 +0000},
	Date-Modified = {2013-05-13 10:48:24 +0000},
	Journal = {National Bureau of Standards Applied Math Series},
	Pages = {36-38},
	Title = {Various Techniques used in Connection with Random Digits},
	Volume = {11},
	Year = {1951}}

@article{ChibGreenberg1995,
	Author = {S. Chib and E. Greenberg},
	Date-Added = {2013-05-13 10:45:34 +0000},
	Date-Modified = {2013-06-05 12:13:05 +0000},
	Journal = {American Statistician},
	Month = {November},
	Number = {4},
	Pages = {327-335},
	Title = {Understanding the {M}etropolis-{H}astings Algorithm},
	Volume = {49},
	Year = {1995}}

@book{Luce1959,
	Author = {R. D. Luce},
	Date-Added = {2013-03-13 09:32:49 +0000},
	Date-Modified = {2013-03-13 09:33:58 +0000},
	Publisher = {Wiley New York},
	Title = {Individual choice behavior},
	Year = {1959}}

@book{Rinne2008,
	Author = {Horst Rinne},
	Date-Added = {2013-03-10 14:10:31 +0000},
	Date-Modified = {2013-03-10 14:11:13 +0000},
	Publisher = {Chapman and Hall},
	Title = {The Weibull Distribution: A Handbook},
	Year = {2008}}

@book{Weiss2005,
	Author = {Neil A. Weiss},
	Date-Added = {2013-03-09 11:05:24 +0000},
	Date-Modified = {2013-03-09 11:06:57 +0000},
	Publisher = {Pearson},
	Title = {A Course in Probability},
	Year = {2005}}

@article{LiMcMahon2007,
	Author = {W. D. Li and C. A McMahon},
	Date-Added = {2012-11-29 11:38:46 +0100},
	Date-Modified = {2012-11-29 11:40:03 +0100},
	Journal = {International Journal of Computer Integrated Manufacturing},
	Pages = {80-95},
	Title = {A simulated annealing-based optimization approach for integrated process planning and scheduling},
	Volume = {1},
	Year = {2007}}

@article{HaughBox1977,
	Author = {Larry D. Haugh and G. E. P. Box},
	Date-Added = {2012-11-29 09:57:38 +0100},
	Date-Modified = {2012-11-29 09:58:51 +0100},
	Journal = {Journal of the American Statistical Association},
	Number = {357},
	Pages = {121-130},
	Title = {Identification of Dynamic Regression (Distributed Lag) Models Connecting Two Time Series},
	Volume = {72},
	Year = {1977}}

@book{Pankratz1991,
	Author = {Alan Pankratz},
	Date-Added = {2012-11-29 09:45:13 +0100},
	Date-Modified = {2012-11-29 09:46:57 +0100},
	Publisher = {John Wiley and Sons, Inc},
	Title = {Forecasting with Dynamic Regression Models},
	Year = {1991}}

@book{McFadden1974,
	Author = {D. McFadden},
	Date-Added = {2012-11-28 20:55:04 +0100},
	Date-Modified = {2012-11-28 21:10:52 +0100},
	Editor = {P. Zarembka},
	Pages = {105--142},
	Publisher = {Frontiers in Econometrics. Academic Press, NewYork,},
	Title = {Conditional logit analysis of qualitative choice behaviour.},
	Year = {1974}}

@book{ManskiMcFadden1981,
	Author = {C. Manski and D. McFadden},
	Date-Added = {2012-11-28 20:52:34 +0100},
	Date-Modified = {2012-11-28 20:54:20 +0100},
	Publisher = {Cambridge: MIT Press.},
	Title = {Structural Analysis of Discrete Data and Econometric Applications},
	Year = {1981}}

@article{KirkpatrickGelattVecchi1983,
	Author = {S. Kirkpatrick and C. D. Gelatt and M. P. Vecchi},
	Date-Added = {2012-11-28 08:10:35 +0100},
	Date-Modified = {2012-11-28 08:12:03 +0100},
	Journal = {Science,},
	Number = {4598},
	Pages = {671-680},
	Title = {Optimization by Simulated Annealing},
	Volume = {220},
	Year = {1983}}

@article{Shalev-ShwartzSrebro2008,
	Author = {Shai Shalev-Shwartz and Nathan Srebro},
	Date-Added = {2012-11-26 09:44:43 +0100},
	Date-Modified = {2013-06-05 14:09:54 +0000},
	Journal = {Proceedings of the 25th international conference on Machine learning},
	Pages = {928-935},
	Title = {{S}{V}{M} Optimization: Inverse Dependence on Training Set Size},
	Year = {2008}}

@article{BordesErtekinWestonBottou2005,
	Author = {Antoine Bordes and Seyda Ertekin and Jason Weston and L{\'e}on Bottou},
	Date-Added = {2012-11-26 09:35:15 +0100},
	Date-Modified = {2012-11-29 09:59:50 +0100},
	Journal = {Journal of Machine Learning Research},
	Pages = {1579-1619},
	Title = {Fast Kernel Classifiers with Online and Active Learning},
	Volume = {6},
	Year = {2005}}

@book{YuWilamowski2011,
	Author = {Hao Yu and B. M. Wilamowski},
	Date-Added = {2012-11-25 15:44:08 +0100},
	Date-Modified = {2013-06-05 12:12:37 +0000},
	Edition = {2nd},
	Editor = {Richard C. Dorf},
	Keywords = {chapter 12},
	Publisher = {CRC Press 2011},
	Series = {Industrial Electronics Handbook -- Intelligent Systems},
	Title = {Levenberg-Marquardt Training},
	Volume = {5},
	Year = {2011}}

@article{HaganMenhaj1994,
	Author = {Martin T. Hagan and Mohammad B. Menhaj},
	Date-Added = {2012-11-25 15:37:18 +0100},
	Date-Modified = {2013-06-05 12:15:37 +0000},
	Journal = {IEEE TRANSACTIONS ON NEURAL NETWORKS},
	Number = {6},
	Title = {Training Feedforward Networks with the {M}arquardt Algorithm},
	Volume = {5},
	Year = {1994}}

@article{NgJordan2002,
	Author = {Andrew Y. Ng and Michael I. Jordan},
	Date-Added = {2012-11-24 15:08:46 +0100},
	Date-Modified = {2013-06-05 12:16:01 +0000},
	Journal = {NIPS},
	Pages = {841--848},
	Title = {On Discriminative vs. Generative classifiers: A comparison of logistic regression and naive {B}ayes},
	Year = {2002}}

@article{Vavasis1990,
	Author = {Stephen A. Vavasis},
	Date-Added = {2012-11-24 14:32:13 +0100},
	Date-Modified = {2013-06-05 12:16:14 +0000},
	Journal = {Information Processing Letters},
	Number = {2},
	Pages = {73-77},
	Title = {Quadratic programming is in {NP}},
	Volume = {36},
	Year = {1990}}

@article{KatsoulakisMajdaSopasakis2005,
	Author = {M. A. Katsoulakis and A. J. Majda and A. Sopasakis},
	Date-Added = {2012-11-19 04:22:43 +0100},
	Date-Modified = {2013-06-05 14:07:57 +0000},
	Journal = {Commun. Math. Sci.},
	Number = {3},
	Pages = {453-478},
	Title = {Multiscale couplings in prototype hybrid deterministic stochastic systems {P}art {I}{I}, stochastic closures},
	Volume = {3},
	Year = {2005}}

@article{KatsoulakisMajdaSopasakis2004,
	Author = {M.A. Katsoulakis and A.J. Majda and A. Sopasakis},
	Date-Added = {2012-11-19 04:20:54 +0100},
	Date-Modified = {2013-06-05 14:05:42 +0000},
	Journal = {Commun. Math. Sci.},
	Number = {2},
	Pages = {255-294},
	Title = {Multiscale couplings in prototype hybrid deterministic stochastic systems {P}art {I}, Deterministic closures},
	Volume = {2},
	Year = {2004}}

@article{BagleyWhiteGolomb2001,
	Author = {Steven Bagley and Halbert White and Beatrice Golomb},
	Date-Added = {2012-10-12 18:05:42 +0200},
	Date-Modified = {2012-10-12 18:07:28 +0200},
	Journal = {Journal of Clinical Epidemiology},
	Pages = {979-985},
	Title = {Logistic regression in the medical literature: Standards for use and reporting, with particular attention to one medical domain},
	Year = {2001}}

@book{Pampel2000,
	Author = {Fred Pampel},
	Date-Added = {2012-10-12 18:02:56 +0200},
	Date-Modified = {2012-10-12 18:03:57 +0200},
	Publisher = {Sag},
	Title = {Logistic Regression},
	Year = {2000}}

@article{ChenCowanGrant1991,
	Author = {S. Chen and C. Cowan and P.M. Grant},
	Date-Added = {2012-10-11 21:25:12 +0200},
	Date-Modified = {2012-10-12 10:37:43 +0200},
	Journal = {IEEE Transactions on Neural Networks},
	Number = {2},
	Pages = {302-309},
	Title = {Orthogonal least squares learning algorithm for radial basis function networks,},
	Volume = {2},
	Year = {1991}}

@book{Gill2001GeneralizedLinearModels,
	Author = {Jeff Gill},
	Date-Added = {2012-10-11 19:56:54 +0200},
	Date-Modified = {2012-10-11 19:59:28 +0200},
	Publisher = {SAGE Publicatins, Inc.},
	Title = {Generalized Linear Models},
	Year = {2001}}

@book{Liao1994,
	Author = {Tim Futing Liao},
	Date-Added = {2012-10-11 19:51:18 +0200},
	Date-Modified = {2012-10-11 19:53:08 +0200},
	Publisher = {SAGE Publicatins, Inc.},
	Title = {Interpreting probability models: Logit, Probit, and other Generalized Linear Models},
	Year = {1994}}

@article{HornikStinchcombeWhite1989,
	Author = {Kurt Hornik and Maxwell Stinchcombe and Halbert White},
	Date-Added = {2012-10-01 11:14:33 +0200},
	Date-Modified = {2012-10-01 11:17:52 +0200},
	Journal = {Neural Networks},
	Pages = {359-366},
	Title = {Multilayer Feedforward Networks are Universal Approximators},
	Volume = {2},
	Year = {1989}}

@article{Kurkova1992,
	Author = {Vera Kurkova},
	Date-Added = {2012-10-01 11:08:53 +0200},
	Date-Modified = {2012-10-01 11:11:22 +0200},
	Journal = {Neural Networks},
	Pages = {501-506},
	Title = {Kolmogorov's Theorem and Multilayer Neural Networks},
	Volume = {5},
	Year = {1992}}

@article{BlumeMatthesHorenko2012,
	Author = {Christian Blume, Katja Matthes and Illia Horenko},
	Date-Added = {2012-10-01 11:03:19 +0200},
	Date-Modified = {2012-10-01 11:07:02 +0200},
	Journal = {Journal of the Atmospheric Sciences},
	Pages = {1824-1840},
	Title = {Supervised Learning Approaches to Classify Stratospheric Warming Events},
	Volume = {69},
	Year = {2012}}

@book{BurnhamAnderson2002,
	Author = {Kenneth P. Burnham and David R. Anderson},
	Date-Added = {2012-09-27 11:13:26 +0200},
	Date-Modified = {2013-05-24 08:58:57 +0000},
	Publisher = {Springer},
	Title = {Model Selection and Multimodel Inference},
	Year = {2002}}

@article{KatsoulakisMajdaSopasakis2010,
	Author = {M. A. Katsoulakis and A. J. Majda and A. Sopasakis},
	Date-Added = {2012-09-26 08:28:38 +0200},
	Date-Modified = {2012-09-26 08:31:09 +0200},
	Journal = {Commun. Math. Sci.},
	Number = {2},
	Pages = {409-437},
	Title = {Hybrid deterministic stochastic systems with microscopic look-ahead dynamics},
	Volume = {8},
	Year = {2010}}

@article{Krige1951,
	Author = {Daniel Krige},
	Date-Added = {2012-09-25 12:11:08 +0200},
	Date-Modified = {2013-06-05 13:58:42 +0000},
	Journal = {J. of the Chem., Metal. and Mining Soc. of South Africa},
	Number = {6},
	Pages = {119-139},
	Title = {A statistical approach to some basic mine valuation problems on the {W}itwatersrand},
	Volume = {52},
	Year = {1951}}

@book{MesbahBoashashMathew2003,
	Author = {M. Mesbah and B. Boashash and J. Mathew},
	Date-Added = {2012-09-25 12:05:33 +0200},
	Date-Modified = {2012-09-25 12:09:05 +0200},
	Publisher = {Elsevier Science},
	Title = {Time-Frequency Signal Analysis and Processing -- A Comprehensive Reference},
	Year = {2003}}

@book{BoxJenkinsReinsel2008,
	Author = {G. Box and G. Jenkins and G. Reinsel},
	Date-Added = {2012-09-25 11:58:19 +0200},
	Date-Modified = {2012-09-25 11:59:30 +0200},
	Publisher = {John Wiley and Sons, Inc},
	Title = {Time Series Analysis},
	Year = {2008}}

@book{Cressie1993,
	Author = {Noel Cressie},
	Date-Added = {2012-09-25 11:15:12 +0200},
	Date-Modified = {2012-09-28 14:52:16 +0200},
	Publisher = {John Wiley and Sons, Inc},
	Title = {Statistics for Spatial Data},
	Year = {1993}}

@article{sang2010continuous,
  title={Continuous spatial process models for spatial extreme values},
  author={Sang, Huiyan and Gelfand, Alan E},
  journal={Journal of agricultural, biological, and environmental statistics},
  volume={15},
  number={1},
  pages={49--65},
  year={2010},
  publisher={Springer}
}

@book{Fox1997,
	Author = {John Fox},
	Date-Added = {2012-09-25 10:51:27 +0200},
	Date-Modified = {2012-09-25 10:52:36 +0200},
	Publisher = {SAGE Publicatins, Inc.},
	Title = {Applied Regression Analysis, Linear Models, and Related Methods},
	Year = {1997}}

@article{lindenberg,
	Author = {J. Lindeberg},
	Date-Added = {2012-08-20 11:21:08 +0200},
	Date-Modified = {2013-06-05 13:59:21 +0000},
	Journal = {Mathematische Zeitschrift},
	Pages = {211-225},
	Title = {Eine neue {H}erleitung des {E}xponentialgesetzes in der {W}ahrscheinlichkeitsrechnung},
	Volume = {15},
	Year = {1922}}

@book{gaussmarkov,
	Author = {A. A. Markoff},
	Date-Added = {2012-08-20 11:02:50 +0200},
	Date-Modified = {2012-08-20 11:05:54 +0200},
	Edition = {2},
	Publisher = {Cornell University Library},
	Title = {Wahrscheinlichkeitsrechnung},
	Year = {1912}}

@book{CressieWikle2011,
	Author = {Noel Cressie and Christopher K. Wikle},
	Date-Added = {2012-08-06 11:06:18 +0200},
	Date-Modified = {2012-08-06 11:06:18 +0200},
	Publisher = {Wiley, Hoboken, NJ},
	Title = {Statistics for Spatio-Temporal Data},
	Year = {2011}}

@book{davison2003statistical,
  title={Statistical models},
  author={Davison, Anthony C},
  number={11},
  year={2003},
  publisher={Cambridge University Press}
}

@article{StroudMuellerSanso,
	Author = {Jonathan R. Stroud and Peter Mueller and Bruno Sanso},
	Date-Added = {2012-08-06 11:06:18 +0200},
	Date-Modified = {2012-08-06 11:06:18 +0200},
	Journal = {Journal of the Royal Statistical Society. Series B (Statistical Methodology)},
	Pages = {673-689},
	Title = {Dynamic Models for Spatio-Temporal Data},
	Volume = {63},
	Year = {2001}}

@article{bibliographyspatiotemp,
	Author = {John F. Roddick and Kathleen Hornsby and Myra Spiliopoulou},
	Date-Added = {2012-08-06 11:06:18 +0200},
	Date-Modified = {2012-08-06 11:06:18 +0200},
	Journal = {Lecture Notes in Computer Science},
	Pages = {147-163},
	Title = {An Updated Bibliography of Temporal, Spatial, and Spatio-temporal Data Mining Research},
	Volume = {Volume 2007/2001},
	Year = {2001}}

@book{ChilesDelfiner,
	Author = {Jean-Paul Chil{\`e}s and Pierre Delfiner},
	Date-Added = {2012-08-06 11:06:12 +0200},
	Date-Modified = {2012-08-06 11:06:12 +0200},
	Publisher = {John Wiley and Sons, Inc},
	Title = {Geostatistics: Modeling Spatial Uncertainty},
	Year = {2012}}

@book{dataassimilation,
	Author = {William Lahoz and Boris Khattatov and Richard Menard (Eds.)},
	Date-Added = {2012-07-13 19:49:07 +0200},
	Date-Modified = {2012-07-13 19:53:50 +0200},
	Publisher = {Springer},
	Title = {Data Assimilation},
	Year = {2012}}

@book{SVM2,
	Author = {J. Shawe-Taylor and N. Cristianini},
	Date-Added = {2012-06-29 09:47:59 +0200},
	Date-Modified = {2012-06-29 09:48:55 +0200},
	Publisher = {Cambridge University Press, Cambridge},
	Title = {Kernel Methods for Pattern Analysis},
	Year = {2004}}

@book{SVM,
	Author = {N. Cristianini and J. Shawe-Taylor},
	Date-Added = {2012-06-29 09:46:46 +0200},
	Date-Modified = {2012-06-29 09:47:29 +0200},
	Publisher = {Cambridge University Press, Cambridge},
	Title = {An Introduction to Support Vector Machines},
	Year = {2000}}

@book{ANN2,
	Author = {Jeanette Lawrence},
	Date-Added = {2012-06-29 09:21:43 +0200},
	Date-Modified = {2012-06-29 09:22:18 +0200},
	Publisher = {California Scientific Software Press},
	Title = {Introduction to Neural Networks},
	Year = {1994}}

@book{ANN,
	Author = {C.M. Bishop},
	Date-Added = {2012-06-29 09:19:24 +0200},
	Date-Modified = {2013-05-24 08:53:55 +0000},
	Publisher = {Oxford University Press},
	Title = {Neural Networks for Pattern Recognition},
	Year = {1995}}

@article{Geodesicgrid,
	Author = {R. Sadourny and A. Arakawa and Y. Mintz},
	Date-Added = {2012-04-17 07:47:08 +0200},
	Date-Modified = {2013-06-05 14:00:10 +0000},
	Journal = {Monthly weather review},
	Number = {6},
	Pages = {351-356},
	Title = {Integration of the non-divergent barotropic vorticity equation with an icosahedral-hexagonal grid for the sphere},
	Volume = {96},
	Year = {1968}}

@article{spatiotempdataSOMNN,
	Author = {Irini Reljin and Branimir Reljin and Gordana Jovanovic},
	Date-Added = {2012-04-12 08:22:16 +0200},
	Date-Modified = {2013-06-05 14:00:34 +0000},
	Journal = {JOURNAL OF AUTOMATIC CONTROL, UNIVERSITY OF BELGRADE},
	Number = {1},
	Pages = {55-60},
	Title = {Clustering and Mapping Spatial-Temporal Clustering and Mapping Spatial-Temporal Datasets Using {S}{O}{M} Neural Networks},
	Volume = {13},
	Year = {2003}}

@article{aic,
	Author = {H. Akaike},
	Date-Added = {2012-03-01 15:24:36 +0100},
	Date-Modified = {2013-05-24 08:50:41 +0000},
	Journal = {IEEE Transactions on Automatic Control},
	Month = {December},
	Pages = {716-723},
	Title = {A new look at the statistical model identification},
	Volume = {AC-19},
	Year = {1974}}

@book{logit2,
	Author = {D. McFadden},
	Date-Added = {2011-10-16 23:18:17 +0200},
	Date-Modified = {2011-10-16 23:20:43 +0200},
	Pages = {105--142},
	Publisher = {In: Zarembka, P. 27 In: Zarembka, P. (Ed.), Frontiers in Econometrics. Academic Press, NewYork},
	Title = {Conditional logit analysis of qualitative choice behaviour},
	Year = {1974}}

@article{logit,
	Author = {J. Berkson},
	Date-Added = {2011-10-16 23:15:58 +0200},
	Date-Modified = {2011-10-16 23:17:30 +0200},
	Journal = {J. Am. Stat. Assoc.},
	Number = {227},
	Pages = {357-365},
	Title = {Application of the logistic function to bio-assay},
	Volume = {39},
	Year = {1944}}

@book{maximumentropy,
	Author = {J. N. Kapur},
	Date-Added = {2011-10-16 19:44:12 +0200},
	Date-Modified = {2011-10-16 19:44:59 +0200},
	Publisher = {Wiley},
	Title = {Maximum-Entropy Models in Science and Engineering},
	Year = {1989}}

@article{MetznerPutzigHorenko,
	Author = {Phillip Metzner and Lars Putzig and Illia Horenko},
	Date-Added = {2011-10-12 08:43:36 +0200},
	Date-Modified = {2012-11-25 14:00:04 +0100},
	Journal = {CAMCoS},
	Number = {2},
	Pages = {175--229},
	Title = {Analysis of persistent non-stationary time series and applications},
	Volume = {7},
	Year = {2012}}

@article{horsocio,
	Author = {Illia Horenko},
	Date-Added = {2011-10-12 08:32:29 +0200},
	Date-Modified = {2013-05-24 09:02:11 +0000},
	Journal = {SIAM MMS},
	Number = {4},
	Pages = {1700-1726},
	Title = {On Analysis of Nonstationary Categorical Data Time Series: Dynamical Dimension Reduction, Model Selection, and Applications To Computational Sociology},
	Volume = {9},
	Year = {2011},}

@article{WiPuHo14,
	Author = {J. de Wiljes and L. Putzig and I. Horenko},
	Journal = {CAMCoS},
	Number = {2},
	Pages = {101--146},
	Title = {Discrete non-homogenous and non-stationsry logistic and {M}arkov regression models for spatio-temporal data with unresolved external infouences},
	Volume={8},
	Year = {2014},}

@article{smirnov,
	Author = {S. Smirnov},
	Date-Added = {2011-10-11 11:28:21 +0200},
	Date-Modified = {2013-06-05 14:01:10 +0000},
	Journal = {Comptes Rendus de l`Academie des Sciences},
	Pages = {239-244},
	Title = {Critical percolation in the plane: conformal invariance, {C}ardy`s formular, scaling limits.},
	Volume = {333},
	Year = {2001}}

@article{Hadamard,
	Author = {J. Hadamard},
	Date-Added = {2011-09-13 13:14:18 +0200},
	Date-Modified = {2011-09-13 13:15:51 +0200},
	Journal = {Princeton University Bulletin},
	Pages = {49-52},
	Title = {Sur les probl{\`e}mes aux d{\'e}riv{\'e}es partielles et leur signification physique.},
	Volume = {13},
	Year = {1902}}

@article{horenkocloud,
	Author = {Illia Horenko},
	Date-Added = {2011-09-13 09:34:04 +0200},
	Date-Modified = {2013-05-08 12:13:05 +0000},
	Journal = {Journal of the Atmospheric Sciences},
	Month = {July},
	Number = {7},
	Pages = {1493-1506},
	Title = {Nonstationarity in Multifactor Models of Discrete Jump Processes, Memory, and Application to Cloud Modeling},
	Volume = {68},
	Year = {2011}}

@article{Onsager,
	Author = {Lars Onsager},
	Date-Added = {2011-08-17 12:53:26 +0200},
	Date-Modified = {2013-06-05 14:01:48 +0000},
	Journal = {Phys. Rev.},
	Month = {Feb},
	Number = {3-4},
	Pages = {117-149},
	Title = {Crystal Statistics. I. {A} Two-Dimensional Model with an Order-Disorder Transition},
	Volume = {65},
	Year = {1944}}

@book{percointro2,
	Author = {Dietrich Stauffer and Ammon Aharony},
	Date-Added = {2011-06-24 14:02:24 +0200},
	Date-Modified = {2011-10-16 19:00:52 +0200},
	Publisher = {Taylor and Francis},
	Title = {Introduction to Percolation theory},
	Year = {1994}}

@book{percointro,
	Author = {M Sahimi},
	Date-Added = {2011-06-24 13:56:24 +0200},
	Date-Modified = {2011-06-24 14:01:09 +0200},
	Publisher = {Taylor and Francis, London},
	Title = {Applications of Percolation Theory},
	Year = {1994}}

@book{GeneralizedLinearModels,
	Author = {P. McCullagh and J. Nelder},
	Date-Added = {2011-06-24 13:55:36 +0200},
	Date-Modified = {2011-06-24 13:55:36 +0200},
	Publisher = {Chapman and Hall/CRC},
	Title = {Generalized Linear Models. Monographs on Statistics and Applied Probability.},
	Year = {1989}}

@book{GeneralizedLinearModels2,
	Author = {A.J. Dobson and A.G. Barnett},
	Date-Added = {2011-06-24 13:55:36 +0200},
	Date-Modified = {2011-06-24 13:55:36 +0200},
	Publisher = {Chapman and Hall/CRC.},
	Title = {Introduction to Generalized Linear Models},
	Year = {2008}}

@article{KatsoulakisMajda2,
	Author = {M. A. Katsoulakis and A. J. Majda and A. Sopasakis},
	Date-Added = {2011-03-25 11:00:38 +0100},
	Date-Modified = {2011-03-29 10:44:28 +0200},
	Title = {Hybrid deterministic stochastic systems with microscopic look-ahead dynamics},
	Year = {2008}}

@article{KatsoulakisMajda1,
	Author = {M. A. Katsoulakis and A. J. Majda and A. Sopasakis},
	Date-Added = {2011-03-25 10:54:31 +0100},
	Date-Modified = {2011-03-29 10:44:34 +0200},
	Journal = {Nonlinearity},
	Pages = {1021-1047},
	Title = {Intermittency, metastability and coarse graining for coupled deterministic-stochastic lattice systems},
	Volume = {19},
	Year = {2006}}

@article{PercoArctic,
	Author = {K. M. Golden and S.F. Ackley and V. I. Lytle},
	Date-Added = {2011-02-23 19:11:24 +0100},
	Date-Modified = {2011-02-23 22:47:50 +0100},
	Journal = {Science},
	Number = {5397},
	Pages = {2238-2241},
	Title = {The Percolation Phase Transition in Sea Ice},
	Volume = {282},
	Year = {1998}}

@article{AICcIntro,
	Author = {Clifford M. Hurvich and Chih-Ling Tsai},
	Journal = {Biometrika},
	Number = 2,
	Pages = {297-307},
	Title = {Regression and time series model selection in small samples},
	Volume = 76,
	Year = 1989}

@book{Billingsley,
	Author = {P. Bilingsley},
	Edition = {Third Edition},
	Publisher = {John Wiley \& Sons},
	Series = {Wiley Series in Probability and Mathematical Statistics},
	Title = {Probability and Measure},
	Year = 1995}

@book{Loeve,
	Author = {M. Lo\`eve},
	Edition = {4th ed.},
	Publisher = {Springer-Verlag},
	Series = {Graduate Texts in Mathematics},
	Title = {Probability theory},
	Volume = {Vol. II},
	Year = 1978}
